@Article{Wiles,
author = {Andrew Wiles},
title = {Modular Elliptic Curves and Fermat's last theorem},
journal = {Annals of Mathematics},
year = {1995},
OPTkey = {•},
volume = {141},
OPTnumber = {•},
pages = {443-551},
OPTmonth = {•},
OPTnote = {•},
OPTannote = {•}
}

@Article{Breuil,
author = {Christophe Breuil and Brian Conrad and Fred Diamond and Richard Taylor},
title = {On the modularity of elliptic curves over Q: Wild 3-adic exercises},
journal = {Journal of the American Mathematical Society},
year = {2001},
OPTkey = {•},
volume = {14},
OPTnumber = {•},
pages = {843-939},
OPTmonth = {•},
OPTnote = {•},
OPTannote = {•}
}

@Book{Deitmar,
author = {Deitmar, Anton},
ALTeditor = {•},
title = {Automorphe Formen},
publisher = {Springer},
year = {2010},
OPTkey = {•},
OPTvolume = {•},
OPTnumber = {•},
series = {Springer-Lehrbuch Masterclass},
OPTaddress = {•},
OPTedition = {•},
OPTmonth = {•},
OPTnote = {•},
OPTannote = {•}
}

@Book{Gouvea,
author = {Gouv\^{e}a, Fernando Q.},
ALTeditor = {•},
title = {$p$-adic numbers: an Introduction: with 15 figures},
publisher = {Springer-Verlag GmbH},
year = {1993},
OPTkey = {•},
OPTvolume = {•},
OPTnumber = {•},
series = {Universitext},
OPTaddress = {•},
OPTedition = {•},
OPTmonth = {•},
OPTnote = {•},
OPTannote = {•}
}

@Book{Elstrodt,
author = {Elstrodt, Jürgen},
ALTeditor = {•},
title = {Maß- und Integrationstheorie},
publisher = {Springer Spektrum},
year = {2018},
OPTkey = {•},
OPTvolume = {•},
OPTnumber = {•},
OPTseries = {•},
OPTaddress = {•},
OPTedition = {•},
OPTmonth = {•},
OPTnote = {•},
OPTannote = {•}
}

@electronic{manetti,
  address = {Cham},
  author = {Manetti, Marco},
  edition = {1st ed. 2015},
  hdsurl = {https://hds.hebis.de/ulbda/Record/HEB361096011},
  isbn = {9783319169583},
  keywords = {},
  series = {La Matematica per il 3+2},
  title = {Topology},
  uniqueid = {HEB361096011},
  url = {https://doi.org/10.1007/978-3-319-16958-3},
  volume = 91,
  year = 2015
}



